<record><leader>00000cas a22000007a 4500</leader><controlfield tag="001">2451564</controlfield><controlfield tag="008">760712d19561984wvuwr ne      0   a0eng d</controlfield><datafield ind1=" " ind2=" " tag="010"><subfield code="a">sn 78001817 </subfield></datafield><datafield ind1=" " ind2=" " tag="040"><subfield code="a">QPR</subfield><subfield code="b">eng</subfield><subfield code="c">QPR</subfield><subfield code="d">COO</subfield><subfield code="d">NSD</subfield><subfield code="d">MUL</subfield><subfield code="d">NSD</subfield><subfield code="d">WVC</subfield><subfield code="d">KNP</subfield><subfield code="d">NST</subfield><subfield code="d">KNP</subfield><subfield code="d">YOX</subfield><subfield code="d">CNW</subfield><subfield code="d">OCL</subfield><subfield code="d">OCLCQ</subfield><subfield code="d">OCLCF</subfield><subfield code="d">OCLCO</subfield></datafield><datafield ind1=" " ind2=" " tag="012"><subfield code="i">9012</subfield><subfield code="j">0</subfield><subfield code="k">1</subfield><subfield code="m">d</subfield></datafield><datafield ind1="1" ind2=" " tag="022"><subfield code="a">0043-3241</subfield><subfield code="l">0043-3241</subfield><subfield code="2">1</subfield></datafield><datafield ind1="1" ind2=" " tag="029"><subfield code="a">AU@</subfield><subfield code="b">000020408976</subfield></datafield><datafield ind1=" " ind2=" " tag="037"><subfield code="b">The West Virginia Hillbilly, Box 279, Summersville, W. Va., 26651-0279</subfield></datafield><datafield ind1=" " ind2=" " tag="042"><subfield code="a">nsdp</subfield><subfield code="a">msc</subfield></datafield><datafield ind1=" " ind2=" " tag="043"><subfield code="a">n-us-wv</subfield></datafield><datafield ind1="0" ind2=" " tag="130"><subfield code="a">West Virginia hillbilly (Richwood, W. Va. : 1956)</subfield></datafield><datafield ind1=" " ind2="4" tag="222"><subfield code="a">The West Virginia hillbilly</subfield></datafield><datafield ind1="1" ind2="4" tag="245"><subfield code="a">The West Virginia hillbilly.</subfield></datafield><datafield ind1="3" ind2="0" tag="246"><subfield code="a">Hillbilly</subfield></datafield><datafield ind1=" " ind2=" " tag="260"><subfield code="a">Richwood, W. Va. :</subfield><subfield code="b">J. Franklin Comstock and Bronson McClung,</subfield><subfield code="c">1956-</subfield></datafield><datafield ind1=" " ind2=" " tag="310"><subfield code="a">Weekly</subfield></datafield><datafield ind1="0" ind2=" " tag="362"><subfield code="a">Vol. 1, no. 1 (Nov. 3, 1956)-</subfield></datafield><datafield ind1="1" ind2=" " tag="362"><subfield code="a">Ceased Dec. 15, 1984.</subfield></datafield><datafield ind1=" " ind2=" " tag="500"><subfield code="a">Some issues published in Summersville, W. Va.</subfield></datafield><datafield ind1=" " ind2=" " tag="525"><subfield code="a">Supplements accompany some issues.</subfield></datafield><datafield ind1=" " ind2=" " tag="530"><subfield code="a">Available on microfilm from Bell &amp; Howell.</subfield></datafield><datafield ind1=" " ind2="0" tag="651"><subfield code="a">Richwood (W. Va.)</subfield><subfield code="v">Newspapers.</subfield></datafield><datafield ind1=" " ind2="0" tag="651"><subfield code="a">Summersville (W. Va.)</subfield><subfield code="v">Newspapers.</subfield></datafield><datafield ind1=" " ind2="7" tag="655"><subfield code="a">Newspapers.</subfield><subfield code="2">fast</subfield><subfield code="0">(OCoLC)fst01423814</subfield></datafield><datafield ind1=" " ind2="7" tag="651"><subfield code="a">West Virginia</subfield><subfield code="z">Richwood.</subfield><subfield code="2">fast</subfield><subfield code="0">(OCoLC)fst01287914</subfield></datafield><datafield ind1=" " ind2="7" tag="651"><subfield code="a">West Virginia</subfield><subfield code="z">Summersville.</subfield><subfield code="2">fast</subfield><subfield code="0">(OCoLC)fst01224875</subfield></datafield><datafield ind1=" " ind2=" " tag="752"><subfield code="a">United States</subfield><subfield code="b">West Virginia</subfield><subfield code="c">Nicholas</subfield><subfield code="d">Summersville.</subfield></datafield><datafield ind1=" " ind2=" " tag="752"><subfield code="a">United States</subfield><subfield code="b">West Virginia</subfield><subfield code="c">Nicholas</subfield><subfield code="d">Richwood.</subfield></datafield><datafield ind1="0" ind2="0" tag="785"><subfield code="t">West Virginia then and now</subfield><subfield code="x">0887-4743</subfield></datafield><datafield ind1=" " ind2=" " tag="850"><subfield code="a">KU-S</subfield></datafield><datafield ind1=" " ind2=" " tag="936"><subfield code="a">Unknown</subfield><subfield code="a">INC</subfield><subfield code="a">Dec. 12, 1981 (surrogate)</subfield></datafield></record>